<record><leader>00000cas a22000007a 4500</leader><controlfield tag="001">31475469</controlfield><controlfield tag="008">941117d19191935vauwn ne      0    0eng d</controlfield><datafield ind1=" " ind2=" " tag="010"><subfield code="a">sn 94059439 </subfield></datafield><datafield ind1=" " ind2=" " tag="040"><subfield code="a">NVK</subfield><subfield code="b">eng</subfield><subfield code="c">NVK</subfield><subfield code="d">OCLCQ</subfield><subfield code="d">OCLCF</subfield><subfield code="d">OCLCO</subfield></datafield><datafield ind1=" " ind2=" " tag="042"><subfield code="a">msc</subfield></datafield><datafield ind1=" " ind2=" " tag="043"><subfield code="a">n-us-va</subfield></datafield><datafield ind1="0" ind2="0" tag="245"><subfield code="a">Crawford's weekly.</subfield></datafield><datafield ind1="1" ind2=" " tag="246"><subfield code="i">Published as:</subfield><subfield code="a">Crawford's</subfield><subfield code="f">May 2, 1925</subfield></datafield><datafield ind1=" " ind2=" " tag="260"><subfield code="a">Norton, Va. :</subfield><subfield code="b">Bruce Crawford,</subfield><subfield code="c">-1935.</subfield></datafield><datafield ind1=" " ind2=" " tag="300"><subfield code="a">v.</subfield></datafield><datafield ind1=" " ind2=" " tag="310"><subfield code="a">Weekly</subfield></datafield><datafield ind1="1" ind2=" " tag="362"><subfield code="a">Began in 1919.</subfield><subfield code="z">Cf. Cappon, L.J. Va. newspapers.</subfield></datafield><datafield ind1="0" ind2=" " tag="362"><subfield code="a">-v. 18, no. 6 (Feb. 8, 1935).</subfield></datafield><datafield ind1=" " ind2=" " tag="500"><subfield code="a">Published in periodical format &lt;Apr. 30-June 10, 1931&gt;.</subfield></datafield><datafield ind1=" " ind2=" " tag="500"><subfield code="a">Publication date varies, especially in 1921.</subfield></datafield><datafield ind1=" " ind2=" " tag="500"><subfield code="a">Publishers: Crawford Printing Co., Inc., Sept. 11, 1926-</subfield></datafield><datafield ind1=" " ind2=" " tag="500"><subfield code="a">"On the trail of the lonesome pine."</subfield></datafield><datafield ind1=" " ind2=" " tag="500"><subfield code="a">Published a "photogravure" section with its own numbering: vol. 1, no. 2, (Dec. 1933).</subfield></datafield><datafield ind1=" " ind2=" " tag="515"><subfield code="a">Contains numbering peculiarities, especially in 1921.</subfield></datafield><datafield ind1=" " ind2=" " tag="525"><subfield code="a">Contains supplements and midweek extras.</subfield></datafield><datafield ind1=" " ind2=" " tag="530"><subfield code="a">Available on microfilm from the University of Virginia; and from Bell and Howell.</subfield></datafield><datafield ind1=" " ind2=" " tag="580"><subfield code="a">Church journal (Norton, Va.) published on last page of Crawford's weekly.</subfield></datafield><datafield ind1=" " ind2=" " tag="580"><subfield code="a">On Feb. 19, 1927, Crawford's weekly absorbed Virginia digest.</subfield></datafield><datafield ind1=" " ind2=" " tag="588"><subfield code="a">Description based on: Vol. 3, no. 2 (Aug. 2, 1919).</subfield></datafield><datafield ind1=" " ind2="0" tag="651"><subfield code="a">Norton (Va.)</subfield><subfield code="v">Newspapers.</subfield></datafield><datafield ind1=" " ind2="7" tag="655"><subfield code="a">Newspapers.</subfield><subfield code="2">fast</subfield><subfield code="0">(OCoLC)fst01423814</subfield></datafield><datafield ind1=" " ind2="7" tag="651"><subfield code="a">Virginia</subfield><subfield code="z">Norton.</subfield><subfield code="2">fast</subfield><subfield code="0">(OCoLC)fst01222303</subfield></datafield><datafield ind1=" " ind2=" " tag="752"><subfield code="a">United States</subfield><subfield code="b">Virginia</subfield><subfield code="c">Wise</subfield><subfield code="d">Norton.</subfield></datafield><datafield ind1="0" ind2=" " tag="775"><subfield code="t">Crawford's weekly (Norton, Va. : National ed.)</subfield><subfield code="w">(DLC)sn 98068222</subfield></datafield><datafield ind1="1" ind2=" " tag="777"><subfield code="t">Church journal (Norton, Va.)</subfield><subfield code="w">(DLC)sn 98068284</subfield></datafield><datafield ind1="1" ind2="5" tag="780"><subfield code="t">Virginia digest</subfield><subfield code="w">(DLC)sn 95079187</subfield></datafield><datafield ind1="0" ind2="5" tag="785"><subfield code="t">Coalfield progress</subfield><subfield code="w">(DLC)sn 86001691</subfield></datafield></record>